<record><leader>00000cas a22000007a 4500</leader><controlfield tag="001">12058089</controlfield><controlfield tag="008">850520d19481959njuwr ne      0    0eng d</controlfield><datafield ind1=" " ind2=" " tag="010"><subfield code="a">sn 85035689 </subfield></datafield><datafield ind1=" " ind2=" " tag="040"><subfield code="a">NPA</subfield><subfield code="b">eng</subfield><subfield code="c">NPA</subfield><subfield code="d">NJW</subfield><subfield code="d">MGN</subfield><subfield code="d">OCLCQ</subfield></datafield><datafield ind1=" " ind2=" " tag="042"><subfield code="a">msc</subfield></datafield><datafield ind1="0" ind2="4" tag="245"><subfield code="a">The Keyport weekly and the Keyport enterprise.</subfield></datafield><datafield ind1=" " ind2=" " tag="260"><subfield code="a">Keyport, N.J. :</subfield><subfield code="b">Brown Pub. and Print. Co.,</subfield><subfield code="c">1948-1959.</subfield></datafield><datafield ind1=" " ind2=" " tag="300"><subfield code="a">v. :</subfield><subfield code="b">ill.</subfield></datafield><datafield ind1=" " ind2=" " tag="310"><subfield code="a">Weekly</subfield></datafield><datafield ind1="0" ind2=" " tag="362"><subfield code="a">79th yr., no. 46 (Nov. 11, 1948)-90th yr., no. 6 (Feb. 5, 1959).</subfield></datafield><datafield ind1=" " ind2=" " tag="530"><subfield code="a">Also issued on microfilm by the Microfilming Corp. of America.</subfield></datafield><datafield ind1=" " ind2=" " tag="752"><subfield code="a">United States</subfield><subfield code="b">New Jersey</subfield><subfield code="c">Monmouth</subfield><subfield code="d">Keyport.</subfield></datafield><datafield ind1="0" ind2="4" tag="780"><subfield code="t">Keyport weekly (Keyport, N.J. : 1871)</subfield><subfield code="w">(DLC)sn 84026058</subfield><subfield code="w">(OCoLC)10266537</subfield></datafield><datafield ind1="0" ind2="4" tag="780"><subfield code="t">Keyport enterprise</subfield><subfield code="w">(DLC)sn 85035691</subfield><subfield code="w">(OCoLC)13039607</subfield></datafield><datafield ind1="0" ind2="0" tag="785"><subfield code="t">Keyport weekly (Keyport, N.J. : 1959)</subfield><subfield code="w">(DLC)sn 85035690</subfield><subfield code="w">(OCoLC)12058094</subfield></datafield></record>